<?xml version="1.0" encoding="UTF-8"?><record xmlns="http://www.loc.gov/MARC21/slim" xmlns:cinclude="http://apache.org/cocoon/include/1.0" xmlns:zs="http://www.loc.gov/zing/srw/">
  <leader>01633cz  a2200229n  4500</leader>
  <controlfield tag="001">n  82213745 </controlfield>
  <controlfield tag="003">DLC</controlfield>
  <controlfield tag="005">20160902075353.0</controlfield>
  <controlfield tag="008">831208n| azannaabn          |a aaa      </controlfield>
  <datafield tag="010" ind1=" " ind2=" ">
    <subfield code="a">n  82213745 </subfield>
  </datafield>
  <datafield tag="035" ind1=" " ind2=" ">
    <subfield code="a">(OCoLC)oca00872510</subfield>
  </datafield>
  <datafield tag="040" ind1=" " ind2=" ">
    <subfield code="a">DLC</subfield>
    <subfield code="b">eng</subfield>
    <subfield code="c">DLC</subfield>
    <subfield code="e">rda</subfield>
    <subfield code="d">OCoLC</subfield>
    <subfield code="d">UPB</subfield>
  </datafield>
  <datafield tag="100" ind1="1" ind2=" ">
    <subfield code="a">Goldsborough, Jennifer Faulds</subfield>
  </datafield>
  <datafield tag="372" ind1=" " ind2=" ">
    <subfield code="a">Silver</subfield>
    <subfield code="2">lcsh</subfield>
  </datafield>
  <datafield tag="374" ind1=" " ind2=" ">
    <subfield code="a">Authors</subfield>
    <subfield code="a">Museum curators</subfield>
    <subfield code="2">lcsh</subfield>
  </datafield>
  <datafield tag="375" ind1=" " ind2=" ">
    <subfield code="a">female</subfield>
  </datafield>
  <datafield tag="377" ind1=" " ind2=" ">
    <subfield code="a">eng</subfield>
  </datafield>
  <datafield tag="400" ind1="1" ind2=" ">
    <subfield code="w">nnaa</subfield>
    <subfield code="a">Goldsborough, Jennifer F.</subfield>
  </datafield>
  <datafield tag="400" ind1="1" ind2=" ">
    <subfield code="a">Goldsborough, Jennifer F.</subfield>
    <subfield code="q">(Jennifer Faulds)</subfield>
  </datafield>
  <datafield tag="670" ind1=" " ind2=" ">
    <subfield code="a">Her Silver in Maryland, 1983?:</subfield>
    <subfield code="b">t.p. (Jennifer Faulds Goldsborough)</subfield>
  </datafield>
  <datafield tag="670" ind1=" " ind2=" ">
    <subfield code="a">LC data base, 12/1/83</subfield>
    <subfield code="b">(hdg. Goldsborough, Jennifer F.; usage: Jennifer F. Goldsborough; Jennifer Faulds Goldsborough)</subfield>
  </datafield>
  <datafield tag="670" ind1=" " ind2=" ">
    <subfield code="a">The Sewell C. Biggs collection of American art, 2002:</subfield>
    <subfield code="b">page 4 of jacket of volume 1 (Jennifer Faulds Goldsborough, who wrote the entire silver section in this catalogue, has catalogued the silver collection of a number of museums and is the author of many articles, exhibition catalogues, and several books devoted to silver. Her professional interests and publications also include ceramics and quilts. After more than three decades as a museum curator, she now teaches in several college and university post-graduate programs. Her publications include: "Maryland Silver" for the Baltimore Museum of Art, "Silver in Maryland" for the Maryland Historical Society, the silver section of "Treasures of State: Fine and Decorative Arts in the Diplomatic Reception Rooms of the U. S. Department of State", and co-author with Philippa Glanville of "Women Silversmiths")</subfield>
  </datafield>
</record>